@article{norbiato2008flash,
  title={Flash flood warning based on rainfall thresholds and soil moisture conditions: An assessment for gauged and ungauged basins},
  author={Norbiato, Daniele and Borga, Marco and Degli Esposti, Silvia and Gaume, Eric and Anquetin, Sandrine},
  journal={Journal of Hydrology},
  volume={362},
  number={3-4},
  pages={274--290},
  year={2008},
  publisher={Elsevier}
}
     
@article{priyatikanto2024weather,
  title={Weather conditions at Timau National Observatory from ERA5},
  author={Priyatikanto, Rhorom and Admiranto, Agustinus Gunawan and Djamaluddin, Thomas and Rachman, Abdul and Wijaya, Dudy},
  journal={Publications of the Astronomical Society of Australia},
  volume={41},
  pages={e058},
  year={2024},
  publisher={Cambridge University Press}
}

@article{kottegoda2008applied,
  title={Applied statistics for civil and environmental engineers},
  author={Kottegoda, Nathabandu T and Rosso, Renzo and others},
  year={2008},
  publisher={Blackwell Malden, MA}
}

@article{bierkens2007,
  title={Stochastic Hydrology},
  author={Bierkens, M.F.  and van Geer, F.C.},
  year={2007},
  publisher={Utrecht University, NL}
}
